@article{Bullington, 
	author    = "Kenneth Bullington",
	title     = {{Radio Propagation at Frequencies Above 30 Megacycles}},
	journal   = "PROCEEDINGS OF THE I.R.E",
	note = {årg. 35, hft. 10, 10-1947, s. 1122–1136},
	howpublished = {\url{http://ieeexplore.ieee.org/stamp/stamp.jsp?tp=&arnumber=1697215&tag=1}},
    year  = {1947},
}

@article{Chong, 
	author    = "Poh Kit Chong AND Daeyoung Kim",
	title     = {{Surface-Level Path Loss Modelling for Sensor Networks in Flat and Irregular Terrain}},
	journal   = "ACM Transactions on Sensor Networks",
	note = {Vol. 9, No. 2, Article 15},
	howpublished = {\url{http://dl.acm.org/citation.cfm?id=2422972}},
    year  = {2013},
}

@article{Kim, 
	author    = "Heung-Soo Kim AND Ram M. Narayanan",
	title     = {{A New Measurement Technique for Obtaining the Complex Relative Permittivity of Terrain Surfaces}},
	journal   = "IEEE Transactions on Geoscience and Remote Sensing",
	howpublished = {\url{http://ieeexplore.ieee.org/stamp/stamp.jsp?arnumber=1010903}},
    year  = {2002},
}

@misc{two_ray, 
	author    = {{UC Berkeley, LBL, USC/ISI and Xerox PARC}},
	title     = {{ 18.2 Two-ray ground reflection model}},
	howpublished = {\url{http://www.isi.edu/nsnam/ns/doc/node218.html}},
    year = {Nov 5, 2011},
}


@misc{full_friss, 
	author    = "Dr. Natalia K. Nikolova",
	title     = {{Lecture 6:Friis Transmission Equation and Radar Range Equation}},
	howpublished = {\url{http://www.ece.mcmaster.ca/faculty/nikolova/antenna_dload/current_lectures/L06_Friis.pdf}},
    year = {2016},
}


