@article{SDRPros, 
	author    = "Piero Angeletti and Marco Lisi and Piero Tognolatti",
	title     = {{Software Defined Radio: a Key Technology for Flexibility and Reconfigurability in Space Applications}},
	journal   = "Metrology for Aerospace, 2014 IEEE",
	note = {doi:10.1109/MetroAeroSpace.2014.6865957},
	howpublished = {\url{http://dx.doi.org/10.1109/MetroAeroSpace.2014.6865957}},
    year  = {2014},
}

@book{IntroSat, 
	author    = {Bruce R. Elbert},
	title     = {{Introduction to Satellite Communication}},
	publisher = "Artech House",
	edition  = "2",
    year = {1999},
}

@misc{CPUT, 
	author    = {{Clyde Space}},
	title     = {{CubeSat S-Band Transmitter}},
	howpublished = {\url{http://www.clyde-space.com/cubesat_shop/communication_systems/301_cubesat-s-band-transmitter}},
	note = {Downloaded 12. Febuary 2016},
    year = {2016},
}

%%P7 Fresnel Zone

@misc{Fres1, 
	author    = {ZyTrax, Inc},
	title     = {{Tech Stuff - Wireless - Fresnel Zones and their Effect}},
	howpublished = {\url{http://www.zytrax.com/tech/wireless/fresnel.htm}},
	year = {2016},
}

@misc{Fres2, 
	author    = {4Gon Solutions},
	title     = {{Fresnel Zones}},
	howpublished = {\url{http://www.4gon.co.uk/solutions/technical_fresnel_zones.php}},
	year = {2016},
}

@book{IntroRF, 
	author    = {John S. Seybold},
	title     = {{Introduction for RF Propagation}},
	publisher = "JOHN WILEY and SONS, INC",
    year = {2005},
}