@misc{web, 
	author    = "EEWeb Electrical Engineering Community",
	title     = {{Microstrip Impedance}},
	howpublished = {\url{https://www.eeweb.com/toolbox/microstrip-impedance}},
    year  = {2016},
}

@book{bog, 
	author    = "Constantine A. Balanis",
	title     = {{Antenna Theory Analysis and Design}},
	edition	  = {3},
	publisher = {John Wiley and Sons, INC.},	
	note = {ISBN: 0-471-66782-X},
	year  = {2005},
}
